@article{milton2013caring,
  title={Caring for patients with chronic pain: pearls and pitfalls},
  author={Milton, John},
  journal={The Journal},
  volume={113},
  number={8},
  pages={620},
  year={2013}
}

@inproceedings{bellantonio2016spatio,
  title={Spatio-temporal pain recognition in cnn-based super-resolved facial images},
  author={Bellantonio, Marco and Haque, Mohammad A and Rodriguez, Pau and Nasrollahi, Kamal and Telve, Taisi and Escarela, Sergio and Gonzalez, Jordi and Moeslund, Thomas B and Rasti, Pejman and Anbarjafari, Gholamreza},
  booktitle={International Workshop on Face and Facial Expression Recognition from Real World Videos},
  pages={151--162},
  year={2016},
  organization={Springer}
}

@book{giarratano1998expert,
  title={Expert systems},
  author={Giarratano, Joseph C and Riley, Gary},
  year={1998},
  publisher={PWS Publishing Co.}
}

@article{lucey2011automatically,
  title={Automatically detecting pain in video through facial action units},
  author={Lucey, Patrick and Cohn, Jeffrey F and Matthews, Iain and Lucey, Simon and Sridharan, Sridha and Howlett, Jessica and Prkachin, Kenneth M},
  journal={IEEE Transactions on Systems, Man, and Cybernetics, Part B (Cybernetics)},
  volume={41},
  number={3},
  pages={664--674},
  year={2011},
  publisher={IEEE}
}

@article{gwen2007faces,
  title={Faces of pain: automated measurement of spontaneous all facial expressions of genuine and posed pain},
  author={Gwen, CL and Marian, C and Bartlett, Stewart and Lee, Kang},
  year={2007}
}


@article{wong1996wong,
  title={Wong-Baker faces pain rating scale},
  author={Wong, Donna Lee and Hockenberry-Eaton, M and Wilson, D and Winkelstein, ML and Schwartz, P},
  journal={Home Health Focus},
  volume={2},
  number={8},
  pages={62},
  year={1996}
}

@misc{mccaffery1999pain,
  title={Pain: clinical manual . St Louis, MO: Mosby},
  author={McCaffery, M and Pasero, C},
  year={1999},
  publisher={Inc}
}

@article{portenoy1996visual,
  title={Visual analog scale and verbal pain intensity scale: from pain management: theory and practice},
  author={Portenoy, RK and Tanner, RM},
  journal={Oxford University Press, Inc},
  volume={1},
  pages={996},
  year={1996}
}

@article{melzack1975mcgill,
  title={The McGill Pain Questionnaire: major properties and scoring methods},
  author={Melzack, Ronald},
  journal={Pain},
  volume={1},
  number={3},
  pages={277--299},
  year={1975},
  publisher={Elsevier}
}

@article{galer1997development,
  title={Development and preliminary validation of a pain measure specific to neuropathic pain The Neuropathic Pain Scale},
  author={Galer, Bradley S and Jensen, Mark P},
  journal={Neurology},
  volume={48},
  number={2},
  pages={332--338},
  year={1997},
  publisher={AAN Enterprises}
}

@article{gracely1988descriptor,
  title={The Descriptor Differential Scale: applying psychophysical principles to clinical pain assessment},
  author={Gracely, Richard H and Kwilosz, Donna M},
  journal={Pain},
  volume={35},
  number={3},
  pages={279--288},
  year={1988},
  publisher={Elsevier}
}


@article{hale1997emotional,
  title={Emotional components of pain},
  author={Hale, Carla J and Hadjistavropoulos, Thomas},
  journal={Pain Research and Management},
  volume={2},
  number={4},
  pages={217--225},
  year={1997},
  publisher={Hindawi Publishing Corporation}
}

@book{ekman1997face,
  title={What the face reveals: Basic and applied studies of spontaneous expression using the Facial Action Coding System (FACS)},
  author={Ekman, Paul and Rosenberg, Erika L},
  year={1997},
  publisher={Oxford University Press, USA}
}

@inproceedings{lucey2011painful,
  title={Painful data: The UNBC-McMaster shoulder pain expression archive database},
  author={Lucey, Patrick and Cohn, Jeffrey F and Prkachin, Kenneth M and Solomon, Patricia E and Matthews, Iain},
  booktitle={Automatic Face \& Gesture Recognition and Workshops (FG 2011), 2011 IEEE International Conference on},
  pages={57--64},
  year={2011},
  organization={IEEE}
}