@article{milton2013caring,
  title={Caring for patients with chronic pain: pearls and pitfalls},
  author={Milton, John},
  journal={The Journal},
  volume={113},
  number={8},
  pages={620},
  year={2013}
}



@article{lucey2011automatically,
  title={Automatically detecting pain in video through facial action units},
  author={Lucey, Patrick and Cohn, Jeffrey F and Matthews, Iain and Lucey, Simon and Sridharan, Sridha and Howlett, Jessica and Prkachin, Kenneth M},
  journal={IEEE Transactions on Systems, Man, and Cybernetics, Part B (Cybernetics)},
  volume={41},
  number={3},
  pages={664--674},
  year={2011},
  publisher={IEEE}
}
